<?xml version="1.0" encoding="UTF-8"?><collection xmlns="http://www.loc.gov/MARC21/slim"><record><leader>00507nam--2200145-i-4500</leader><controlfield tag="001">000016124</controlfield><controlfield tag="002">20161230</controlfield><controlfield tag="005">20170306223034</controlfield><controlfield tag="008">060222s1000------------r-----000-0-eng-d</controlfield><datafield ind1=" " ind2=" " tag="100"><subfield code="a">Dansas, Pierre</subfield></datafield><datafield ind1=" " ind2=" " tag="245"><subfield code="a">Etude par la methode des thermocourants de depolarisation, des mouvements de reorientation non cooperatifs dans les halogenures alcalins dopes et les clathrates d uree</subfield><subfield code="b">these</subfield></datafield><datafield ind1=" " ind2=" " tag="260"><subfield code="a">Orsay</subfield><subfield code="b">Universite De Paris</subfield><subfield code="c">1970</subfield></datafield><datafield ind1=" " ind2=" " tag="300"><subfield code="a">119 p</subfield></datafield><datafield ind1=" " ind2=" " tag="852"><subfield code="a">538.9(043)</subfield></datafield><datafield ind1=" " ind2=" " tag="CAT"><subfield code="a">SYS</subfield><subfield code="c">20170306</subfield><subfield code="h">223034</subfield></datafield></record></collection>